<?xml version="1.0" encoding="UTF-8"?><collection xmlns="http://www.loc.gov/MARC21/slim"><record><leader>00353nam--2200133-i-4500</leader><controlfield tag="001">000042094</controlfield><controlfield tag="002">20161230</controlfield><controlfield tag="005">20161230201043</controlfield><controlfield tag="008">060222s1000------------r-----000-0-eng-d</controlfield><datafield ind1=" " ind2=" " tag="080"><subfield code="a">681.3.06(061.3)</subfield></datafield><datafield ind1=" " ind2=" " tag="245"><subfield code="a">Software for computer control 1982</subfield></datafield><datafield ind1=" " ind2=" " tag="260"><subfield code="a">Oxford, Pergamon Press, 1983. Xii + 528 P</subfield></datafield><datafield ind1=" " ind2=" " tag="700"><subfield code="a">G.Ferrate And E.A.Puente</subfield></datafield><datafield ind1=" " ind2=" " tag="852"><subfield code="a">73148</subfield></datafield></record></collection>